@article{knuth84,
  author = {Knuth, Donald E.},
  title = {Literate Programming},
  year = {1984},
  issue_date = {May 1984},
  publisher = {Oxford University Press, Inc.},
  address = {USA},
  volume = {27},
  number = {2},
  issn = {0010-4620},
  url = {https://doi.org/10.1093/comjnl/27.2.97},
  doi = {10.1093/comjnl/27.2.97},
  journal = {Comput. J.},
  month = may,
  pages = {97â€“111},
  numpages = {15}
}



@article{ihaka1996,
	title = {R: A Language for Data Analysis and Graphics},
	author = {Ihaka, Ross and Gentleman, Robert},
	year = {1996},
	date = {1996},
	journal = {Journal of Computational and Graphical Statistics},
	pages = {299--314},
	volume = {5},
	number = {3},
	doi = {10.2307/1390807},
	url = {https://www.jstor.org/stable/1390807},
	note = {Publisher: [American Statistical Association, Taylor & Francis, Ltd., Institute of Mathematical Statistics, Interface Foundation of America]}
}
